% Encoding: UTF-8

@InProceedings{Layzell1999,
  author        = {Layzell, Paul},
  title         = {Inherent qualities of circuits designed by artificial evolution: a preliminary study of populational fault tolerance},
  booktitle     = {Evolvable Hardware, 1999. Proceedings of the First NASA/DoD Workshop on},
  year          = {1999},
  pages         = {85--86},
  organization  = {IEEE},
  __markedentry = {[Leonardo:6]},
}

@Manual{Simoes2000,
  title        = {Indelevelmente Of An Embedded Evolutionary Controller To Enable Collision-Free Navigation Of A Population Of Autonomous Robots},
  author       = {Simões, E. D. V},
  organization = {University of Kent at Canterbury},
  address      = {Inglaterra},
  year         = {2000},
  note         = {p. 289},
}

@Manual{Ridley1996,
  title        = {Evolution},
  author       = {Ridley , M.},
  organization = {Blackwell Science},
  year         = {1996},
}

@Manual{Goldberg1988,
  title        = {Genetic Algorithms and Machine Learning: Introduction to the Special Issue on Genetic Algorithms},
  author       = {Goldberg, D. E. and Holland, J. H.},
  organization = {Machine Learning},
  year         = {1988},
}

@Manual{Zuben2000,
  title        = {Computação evolutiva: Uma abordagem pragmática},
  author       = {Zuben, F . J. V .},
  organization = {nais da 1ª Jornada de Estudos em Computação de Piracicaba e região (1ª JECOMP)},
  year         = {2000},
  note         = {1:25-45},
}

@Manual{Todd1997,
  title        = {Biodiversity Through Sexual Selection.},
  author       = {Todd, P. M. e Miller, G. F.},
  organization = {Artificial Life V, Langton, C. G. and Shimohara, K. (Eds.)},
  address      = {MIT Press, Cambridge, MA. USA},
  year         = {1997},
  note         = {289-299},
}

@Manual{Werger1999,
  title        = {Exploiting Embodiment in Multi-Robot Teams},
  author       = {Werger, B. B. e Mataric, M. J.},
  organization = {University of Southern California, Institute for Robotics and Intelligent Systems},
  edition      = {Technical Report IRIS-99-378},
  year         = {1999},
  note         = {14p},
}

@Manual{Mitchell1995,
  title        = {Genetic Algorithms and Artificial Life},
  author       = {Mitchell, M.},
  organization = {In Artificial Life An Overview, Langton, C. G. (Ed.)},
  edition      = {MIT Press},
  year         = {1995},
  note         = {pp. 267-289},
}

@Comment{jabref-meta: databaseType:bibtex;}
